@manual{cupicNENR,
    author = {Čupić, M. and Dalbelo Bašić, B. and Golub, M.},
    title = {Neizrazito, evolucijsko i neuroračunarstvo},
    year = {2013},
    month = {kolovoz},
    url = {http://java.zemris.fer.hr/nastava/nenr/knjiga-0.1.2013-08-12.pdf},
    note = "[Pristupljeno 15-Prosinac-2020.]"
}